
<record>
  <controlfield tag="001">944358</controlfield>
  <datafield tag="245" ind1=" " ind2=" ">
    <subfield code="a">Search for the e+ e- ---&gt; K+- K(S) pi-+ process on the VEPP-2M e+ e- collider</subfield>
  </datafield>
  <datafield tag="024" ind1="7" ind2=" ">
    <subfield code="a">10.1134/S1063776111080012</subfield>
    <subfield code="2">DOI</subfield>
  </datafield>
  <datafield tag="035" ind1=" " ind2=" ">
    <subfield code="z">D12-00303</subfield>
    <subfield code="9">DESY</subfield>
  </datafield>
  <datafield tag="035" ind1=" " ind2=" ">
    <subfield code="a">Achasov:2011zz</subfield>
    <subfield code="9">SPIRESTeX</subfield>
  </datafield>
</record>