
<record>
  <controlfield tag="001">926445</controlfield>
  <datafield tag="024" ind1="7" ind2=" ">
    <subfield code="a">10.1134/S1063776111060100</subfield>
    <subfield code="2">DOI</subfield>
  </datafield>
  <datafield tag="035" ind1=" " ind2=" ">
    <subfield code="a">Achasov:2011zza</subfield>
    <subfield code="9">SPIRESTeX</subfield>
  </datafield>
  <datafield tag="245" ind1=" " ind2=" ">
    <subfield code="a">Search for e+ e- ---&gt; f0(600) gamma, f0(980) gamma, f0(1350) gamma, and f2(1270) gamma processes in the energy range from 1.05-GeV to 1.38-GeV</subfield>
  </datafield>
</record>