
<record>
  <controlfield tag="001">1180352</controlfield>
  <datafield tag="024" ind1="7" ind2=" ">
    <subfield code="a">10.22323/1.134.0374</subfield>
    <subfield code="2">DOI</subfield>
  </datafield>
  <datafield tag="035" ind1=" " ind2=" ">
    <subfield code="a">Dimova:2011zz</subfield>
    <subfield code="9">SPIRESTeX</subfield>
  </datafield>
  <datafield tag="035" ind1=" " ind2=" ">
    <subfield code="9">DESY</subfield>
    <subfield code="z">DA19-kp21bl</subfield>
  </datafield>
  <datafield tag="245" ind1=" " ind2=" ">
    <subfield code="a">First SND detector results on hadron cross sections at VEPP-2000 e+ e- collider</subfield>
  </datafield>
</record>

</collection>